<?xml version="1.0" encoding="UTF-8"?><collection xmlns="http://www.loc.gov/MARC21/slim"><record><leader>00640nam--2200181-i-4500</leader><controlfield tag="001">000027679</controlfield><controlfield tag="002">20161230</controlfield><controlfield tag="005">20161230201036</controlfield><controlfield tag="008">060222s1000------------r-----000-0-eng-d</controlfield><datafield ind1=" " ind2=" " tag="040"><subfield code="a">IFIN-HH</subfield></datafield><datafield ind1=" " ind2=" " tag="080"><subfield code="a">533.9(061.3):621.039.6</subfield></datafield><datafield ind1="1" ind2=" " tag="110"><subfield code="a">Institut of Plasma Physics. Czechoslovak Academy of Sciences</subfield></datafield><datafield ind1="1" ind2="0" tag="245"><subfield code="a">Eighth european conference on controlled fusion and plasma physics. stellarators workshop</subfield><subfield code="b">Workshop on stellarators. zdikov september 26-28, 1977</subfield></datafield><datafield ind1=" " ind2=" " tag="260"><subfield code="a">Prague, The Institute Of Plasma Physics, 1977</subfield></datafield><datafield ind1=" " ind2=" " tag="300"><subfield code="a">37P</subfield></datafield><datafield ind1=" " ind2=" " tag="490"><subfield code="a">VIII Fusion Prague 1977</subfield></datafield><datafield ind1=" " ind2=" " tag="852"><subfield code="a">49166</subfield><subfield code="c">533.9</subfield></datafield><datafield ind1=" " ind2=" " tag="CAT"><subfield code="a">Sys</subfield><subfield code="c">20100929</subfield><subfield code="h">150029</subfield></datafield></record></collection>